<record><leader>00000cas a2200000 a 4500</leader><controlfield tag="001">2257149</controlfield><controlfield tag="008">760620d184u1843pauwr ne      0    0eng d</controlfield><datafield ind1=" " ind2=" " tag="010"><subfield code="a">sn 87052011 </subfield></datafield><datafield ind1=" " ind2=" " tag="040"><subfield code="a">PIT</subfield><subfield code="b">eng</subfield><subfield code="c">PIT</subfield><subfield code="d">NPX</subfield><subfield code="d">KNP</subfield><subfield code="d">MGN</subfield><subfield code="d">OCL</subfield><subfield code="d">OCLCQ</subfield><subfield code="d">OCLCF</subfield><subfield code="d">OCLCO</subfield></datafield><datafield ind1="1" ind2=" " tag="029"><subfield code="a">AU@</subfield><subfield code="b">000020128875</subfield></datafield><datafield ind1=" " ind2=" " tag="042"><subfield code="a">msc</subfield></datafield><datafield ind1=" " ind2=" " tag="043"><subfield code="a">n-us-pa</subfield></datafield><datafield ind1="0" ind2="0" tag="245"><subfield code="a">Alexander's express messenger: and Philadelphia weekly chronicle.</subfield></datafield><datafield ind1="3" ind2="0" tag="246"><subfield code="a">Alexander's messenger: and Philadelphia weekly chronicle</subfield></datafield><datafield ind1="3" ind2="0" tag="246"><subfield code="a">Express messenger: and Philadelphia weekly chronicle</subfield></datafield><datafield ind1="1" ind2="3" tag="246"><subfield code="a">Alexander's express messenger Philadelphia weekly chronicle</subfield></datafield><datafield ind1="1" ind2="3" tag="246"><subfield code="a">Alexander's messenger</subfield></datafield><datafield ind1=" " ind2=" " tag="260"><subfield code="a">Philadelphia [Pa.] :</subfield><subfield code="b">Charles Alexander</subfield></datafield><datafield ind1=" " ind2=" " tag="300"><subfield code="a">v. :</subfield><subfield code="b">ill.</subfield></datafield><datafield ind1=" " ind2=" " tag="310"><subfield code="a">Weekly</subfield></datafield><datafield ind1="1" ind2=" " tag="362"><subfield code="a">Ceased in Dec. 1843.</subfield></datafield><datafield ind1=" " ind2=" " tag="500"><subfield code="a">"Express" appears within title ornament in small type.</subfield></datafield><datafield ind1=" " ind2=" " tag="588"><subfield code="a">Description based on: Jan. 19, 1842.</subfield></datafield><datafield ind1=" " ind2="0" tag="651"><subfield code="a">Philadelphia (Pa.)</subfield><subfield code="v">Newspapers.</subfield></datafield><datafield ind1=" " ind2="7" tag="655"><subfield code="a">Newspapers.</subfield><subfield code="2">fast</subfield><subfield code="0">(OCoLC)fst01423814</subfield></datafield><datafield ind1=" " ind2="7" tag="651"><subfield code="a">Pennsylvania</subfield><subfield code="z">Philadelphia.</subfield><subfield code="2">fast</subfield><subfield code="0">(OCoLC)fst01204170</subfield></datafield><datafield ind1="1" ind2=" " tag="700"><subfield code="a">Alexander, Charles.</subfield></datafield><datafield ind1=" " ind2=" " tag="752"><subfield code="a">United States</subfield><subfield code="b">Pennsylvania</subfield><subfield code="c">Philadelphia</subfield><subfield code="d">Philadelphia.</subfield></datafield><datafield ind1="0" ind2="0" tag="780"><subfield code="t">Alexander's weekly messenger</subfield><subfield code="w">(DLC)sn 84031759</subfield></datafield><datafield ind1="0" ind2="0" tag="785"><subfield code="t">Alexander's express messenger</subfield><subfield code="w">(DLC)sn 85054716</subfield></datafield></record>